<record><leader>00000cas a22000007a 4500</leader><controlfield tag="001">15513855</controlfield><controlfield tag="008">870410c19849999wiuwr ne      0    0eng d</controlfield><datafield ind1=" " ind2=" " tag="010"><subfield code="a">sn 87082563 </subfield></datafield><datafield ind1=" " ind2=" " tag="040"><subfield code="a">NPV</subfield><subfield code="b">eng</subfield><subfield code="c">NPV</subfield><subfield code="d">OCLCQ</subfield></datafield><datafield ind1=" " ind2=" " tag="042"><subfield code="a">msc</subfield></datafield><datafield ind1="0" ind2=" " tag="130"><subfield code="a">Herald (Brown Deer, Glendale, Wis. ed.)</subfield></datafield><datafield ind1="1" ind2="0" tag="245"><subfield code="a">Herald.</subfield></datafield><datafield ind1=" " ind2=" " tag="250"><subfield code="a">Brown Deer, Glendale ed.</subfield></datafield><datafield ind1=" " ind2=" " tag="260"><subfield code="a">Whitefish Bay, Wis. :</subfield><subfield code="b">Community Newspapers Inc.,</subfield><subfield code="c">1984-</subfield></datafield><datafield ind1=" " ind2=" " tag="300"><subfield code="a">v.</subfield></datafield><datafield ind1=" " ind2=" " tag="310"><subfield code="a">Weekly</subfield></datafield><datafield ind1="0" ind2=" " tag="362"><subfield code="a">56th year, no. 7 (Feb. 16, 1984)-</subfield></datafield><datafield ind1=" " ind2=" " tag="752"><subfield code="a">United States</subfield><subfield code="b">Wisconsin</subfield><subfield code="c">Milwaukee</subfield><subfield code="d">Brown Deer.</subfield></datafield><datafield ind1=" " ind2=" " tag="752"><subfield code="a">United States</subfield><subfield code="b">Wisconsin</subfield><subfield code="c">Milwaukee</subfield><subfield code="d">Glendale.</subfield></datafield><datafield ind1=" " ind2=" " tag="752"><subfield code="a">United States</subfield><subfield code="b">Wisconsin</subfield><subfield code="c">Milwaukee</subfield><subfield code="d">Whitefish Bay.</subfield></datafield><datafield ind1="0" ind2="0" tag="780"><subfield code="t">Brown Deer/Glendale herald</subfield><subfield code="w">(DLC)sn 87082562</subfield></datafield></record>